@article{kipf2016semi,
  title={Semi-supervised classification with graph convolutional networks},
  author={Kipf, Thomas N and Welling, Max},
  journal={arXiv preprint arXiv:1609.02907},
  year={2016}
}

@article{le2017data,
  title={Data-driven ghosting using deep imitation learning},
  author={Le, Hoang M and Carr, Peter and Yue, Yisong and Lucey, Patrick},
  year={2017}
}

